

@misc{vcc,
  howpublished = "\url{http://research.microsoft.com/en-us/projects/vcc}"
}

